

@misc{IEEE830,
author = "IEEE Software Engineering Standards Committee",
title = "IEEE Std 830-1998, IEEE Recommended Practice for Software
Requirements Specifications",
howpublished = "http://ieeexplore.ieee.org/stamp/stamp.jsp?arnumber=720574",
note = "Published: October 20, 1998"
}
