@book{linux,
author 	  = "Love, Rob",
title  	  = "Linux Kernel Development",
publisher = "Addison Wesley",
year      = "2015"
}

@book{bsd,
author 	  = "McKusick, Marshall K. and Neville-Neil, George V. and Watson, Robert N.M.",
title  	  = "The Design and Implementation of the FreeBSD Operating System, Second Edition, Kindle Edition",
publisher = "Addison Wesley",
year      = "2015"
}

@book{win1,
author 	  = "Russinovich, Mark E. and Solomon, David A. and Ionescu, Alex",
title  	  = "Windows Internals, Sixth Edition, Part 1 (Developer Reference), Kindle Edition",
publisher = "Pearson Education",
year      = "2012"
}

@book{win2,
author 	  = "Russinovich, Mark E. and Solomon, David A. and Ionescu, Alex",
title  	  = "Windows Internals, Sixth Edition, Part 2 (Developer Reference), Kindle Edition",
publisher = "Pearson Education",
year      = "2012"
}

@misc{msdn,
author	= "Microsoft",
title	= "Overview of the Windows I/O Model",
howpublished = "https://msdn.microsoft.com/en-us/library/windows/hardware/ff558762(v=vs.85).aspx",
note 	= "Accessed: 04 April 2016"

}

@misc{msdn2,
author	= "Microsoft",
title	= "I/O Stack Locations",
howpublished = "https://msdn.microsoft.com/en-us/library/windows/hardware/ff551821(v=vs.85).aspx",
note 	= "Accessed: 04 April 2016"

}

@misc{msdn3,
author	= "Microsoft",
title	= "What is a driver?",
howpublished = "https://msdn.microsoft.com/en-us/library/windows/hardware/ff554678(v=vs.85).aspx",
note 	= "Accessed: 04 April 2016"

}

@misc{hybrid,
author	= "unknown",
title	= "Hybrid",
howpublished = "https://wiki.freebsd.org/Hybrid",
note 	= "Accessed: 01 May 2016"
}

@misc{bsd.org-io,
author	= "unknown",
title	= "I/O System",
howpublished = "https://www.freebsd.org/doc/en\_US.ISO8859-1/books/design-44bsd/overview-io-system.html",
note 	= "Accessed: 01 May 2016"
}
